% Encoding: ISO-8859-1

@Article{Zhang_S2020,
  author    = {Sheng Zhang and MengYuan Diao and Wenbo Yu and Lei Pei and Zhaofe Lin and Dechang Chen},
  title     = {{Estimation of the reproductive number of novel coronavirus (COVID-19) and the probable outbreak size on the Diamond Princess cruise ship: A data-driven analysis}},
  journal   = {International Journal of Infectious Diseases},
  year      = {2020},
  volume    = {93},
  pages     = {201-204},
  owner     = {mak},
  timestamp = {2020.03.21},
}

@Comment{jabref-meta: databaseType:bibtex;}
